@misc{tematski,
    author = {Elisabeth Rhodes},
    title  = {These Were the World's Most Popular Theme Parks in 2019 (juli 2020.)},
    url    = {travelandleisure.com/travel-news/most-visited-theme-parks-2019},
    year   = {(pristupljeno: oktobar 2020. godine)},    
}

@book{Global,
  title={The global theme park industry},
  author={Clav{\'e}, Salvador Anton},
  year={2007},
  publisher={Cabi}
}

@misc{900years,
  title={The Amusement Park: 900 Years of Thrills and Spills, and the Dreamers and Schemers Who Built Them},
  author={Moskowitz, Daniel B},
  year={2019.},
  publisher={WEIDER HIST GRP INC 741 MILLER DR SE, STE D-2, LEESBURG, VA 20175 USA}
}

@book{UKHistorija,
  title={The London pleasure gardens of the eighteenth century},
  author={Wroth, Warwick William and Wroth, Arthur Edgar},
  year={1896.},
  publisher={Macmillan}
}

@misc{worldfairs,
  title={World's Fairs (1853–1897): A New Idea},
  author={Midway Plaisance},
  year={2007. (pristupljeno: oktobar 2020. godine)},
   url    = {web.archive.org/web/20071209022544/http://www.icewind.net/themepark/History/h_worldfairs.htm},
}

@misc{kolica,
  title={Zašto su neki zabavni parki poznati kao parkovi kolica?},
  author={Arthur Levine},
  year={(pristupljeno: oktobar 2020. godine)},
   url    = {bs.traasgpu.com/zasto-su-neki-zabavni-parki-poznati-kao-parkovi-kolica/},
}

@article{american,
  title={The American Amusement Park Industry: A History of Technology and Thrills},
  author={Aaron, Cindy S},
  journal={Business History Review},
  volume={66},
  number={2},
  year={1992},
  publisher={Business History Review}
}

@misc{coney,
  title={Coney Island’s Luna Park wants you to help name its three new rides (2019.)},
  author={ Valeria Ricciulli},
  year={(pristupljeno: oktobar 2020. godine)},
   url    = {ny.curbed.com/2019/8/16/20808552/luna-park-coney-island-rides-naming-contest-nyc-brooklyn},
}

@misc{rct,
  title={Royal Collection Trust},
  year={(pristupljeno: oktobar 2020. godine)},
   url    = {rct.uk},
}

@misc{RGB,
title={How do RGB LEDs work? (2016.)},
  author={Rui Santos},
  year={(pristupljeno: oktobar 2020. godine)},
url = {randomnerdtutorials.com/electronics-basics-how-do-rgb-leds-work/},
}

@misc{arduino,
title={Arduino, službena stranica},
  author={Arduino},
  year={(pristupljeno: oktobar 2020. godine)},
url = {arduino.cc},
}


@misc{Tensorflow,
  title={Službena stranica od Tensorflowa},
  author={Tensorflow},
  year={(pristupljeno: maj 2020. godine)},
  url={tensorflow.org},
}

@electronic{Szeliski,
  added-at = {2012-10-25T12:42:36.000+0200},
  address = {London; New York},
  author = {Szeliski, Richard},
  biburl = {https://www.bibsonomy.org/bibtex/2f58160db2b03916db911241ed09e2685/daill},
  description = {Computer Vision},
  interhash = {52bc88936329fd66b2af28d393532e40},
  intrahash = {f58160db2b03916db911241ed09e2685},
  isbn = {9781848829343 1848829345 9781848829350 1848829353},
  keywords = {computer vision},
  publisher = {Springer},
  refid = {682910466},
  timestamp = {2012-10-25T12:42:36.000+0200},
  title = {Computer vision algorithms and applications},
  url = {http://dx.doi.org/10.1007/978-1-84882-935-0},
  year = {2011.},
}

@misc{USK,
    author = {uskinfo.ba},
    title  = {Izvor slike, članak na uskinfo.ba},
    url    = {http://www.uskinfo.ba/vijest/ps-bihac-vrsi-pojacane-kontrole-vozaca-skutera-i-bicikala-u-centru-bihaca/14603},
    year   = {(pristupljeno: maj 2020. godine)},    
}


@misc{Deep02,
    author = {Alexander Amini, Ava Soleimany},
    title  = {MIT 6.S191: Introduction to Deep Learning, predavanja},
    url    = {http://introtodeeplearning.com/},
    year   = {(pristupljeno: maj 2020. godine)},    
}

@misc{CompVision,
    author = {Noah Snavely},
    title  = {CS5670: Intro to Computer Vision, predavanja, proljeće 2019., Cornell Tech},
    url    = {http://www.cs.cornell.edu/courses/cs5670/2019sp/lectures/lectures.html},
    year   = {(pristupljeno: maj 2020. godine)},    
}

@misc{Seif01,
    author = {George Seif},
    title  = {Deep Learning for Image Recognition: why it’s challenging, where we’ve been, and what’s next, (januar 2018.)},
    url    = {towardsdatascience.com/deep-learning-for-image-classification-why-its-challenging-where-we-ve-been-and-what-
    s-next-93b56948fcef},
    year   = {(pristupljeno: maj 2020. godine)},    
}

@book{Sonka,
    title     = {Image Processing, Analysis, and Machine Vision},
    editor    = {Vaclav Hlavac, Roger Boyle, Milan Sonka},
    publisher = {Cengage Learning},
    address   = {},
    year      = {2013.},
}

@book{Omanovic,
    title     = {Prepoznavanje oblika i obrada slike},
    editor    = {Samir Omanović},
    publisher = {Nacionalna i univerzitetska biblioteka BiH Sarajevo},
    address   = {},
    year      = {2016.},
}

@article{Sey07,
  title={A comparative study of feature extraction methods in images classification},
  author={Medjahed, Seyyid Ahmed},
  journal={International journal of image, graphics and signal processing},
  volume={7},
  number={3},
  pages={16},
  year={2015.},
  publisher={Modern Education and Computer Science Press}
}

@article{Fatima,
  title={Machine learning for resource management in cellular and IoT networks: Potentials, current solutions, and open challenges},
  author={Hussain, Fatima and Hassan, Syed Ali and Hussain, Rasheed and Hossain, Ekram},
  journal={IEEE Communications Surveys \& Tutorials},
  year={2020.},
  publisher={IEEE}
}

@article{du2004recent,
  title={Recent developments in the applications of image processing techniques for food quality evaluation},
  author={Du, Cheng-Jin and Sun, Da-Wen},
  journal={Trends in food science \& technology},
  volume={15},
  number={5},
  pages={230--249},
  year={2004.},
  publisher={Elsevier}
}

@article{entezari2009comparison,
  title={Comparison of classification methods based on the type of attributes and sample size},
  author={Entezari-Maleki, Reza and Rezaei, Arash and Minaei-Bidgoli, Behrouz},
  journal={Journal of Convergence Information Technology},
  volume={4},
  number={3},
  pages={94--102},
  year={2009.},
  publisher={Citeseer}
}

@misc{ross2016image,
  title={The Image Processing Handbook},
  author={Ross, Lou},
  year={2016.},
  publisher={Cambridge University Press}
}

@article{bojarski2016end,
  title={End to end learning for self-driving cars},
  author={Bojarski, Mariusz and Del Testa, Davide and Dworakowski, Daniel and Firner, Bernhard and Flepp, Beat and Goyal, Prasoon and Jackel, Lawrence D and Monfort, Mathew and Muller, Urs and Zhang, Jiakai and others},
  journal={arXiv preprint arXiv:1604.07316},
  year={2016.}
}

@misc{Smuc,
  title={Strojno učenje, predavanja},
  author={Tomislav Šmuc},
  year={2012.},
  publisher={Prirodoslovno-matematički fakultet Zagreb}
}

@misc{Coric,
  title={Implementacija i primjena algoritma stroja potpornih vektora u klasifikaciji i regresiji},
  author={Ivan Ćorić},
  year={2018.},
  publisher={Fakultet elektrotehnike i računarstva Zagreb}
}

@misc{FacebookAI,
  title={Facebook Showcases Examples of Advanced Image Recognition AI, Future  Possibilities (august 2016.)},
  author={Andrew Hutchinson},
  year={(pristupljeno: maj 2020. godine)},
  url={socialmediatoday.com/social-networks/facebook-showcases-examples-advanced-image-recognition-ai-future-possibilities}
}

@misc{FacebookCats,
  title={Cat People, Dog People. (august 2016. godine)},
  author={Facebook},
  year={(pristupljeno: maj 2020. godine)},
  url={research.fb.com/blog/2016/08/cat-people-dog-people/}
}

@misc{FacebookVizija,
  title={Day 2 of F8 2019: Advances in Computer Vision, Inclusive AI and Other Highlights (maj 2019. godine)},
  author={Facebook},
  year={(pristupljeno: maj 2020. godine)},
  url={about.fb.com/news/2019/05/f8-2019-day-2/}
}

@misc{FacebookStatistika,
  title={Number of monthly active Facebook users worldwide as of 1st quarter 2020 },
  author={statista.com},
  year={(pristupljeno: maj 2020. godine)},
  url={statista.com/statistics/264810/number-of-monthly-active-facebook-users-worldwide/}
}

@misc{FacebookStatistika2,
  title={Facebook statistika (maj 2019. godine)},
  author={brandwatch.com},
  year={(pristupljeno: maj 2020. godine)},
  url={brandwatch.com/blog/facebook-statistics/}
}

@inproceedings{taigman2014deepface,
  title={Deepface: Closing the gap to human-level performance in face verification},
  author={Taigman, Yaniv and Yang, Ming and Ranzato, Marc'Aurelio and Wolf, Lior},
  booktitle={Proceedings of the IEEE conference on computer vision and pattern recognition},
  pages={1701--1708},
  year={2014}
}

@misc{FacebookDronovi,
  title={AI Helps Facebook's Internet Drones Find Where the People Are (februar 2016. godine)},
  author={Cade Metz},
  year={(pristupljeno: maj 2020. godine)},
  url={wired.com/2016/02/facebook-ai-shows-internet-drones-where-all-the-people-are/#slide-1}
}

@misc{FacebookNamjestaj,
  title={Advancing product understanding and building new shopping experiences (maj 2020. godine)},
  author={Facebook},
  year={(pristupljeno: maj 2020. godine)},
  url={ai.facebook.com/blog/powered-by-ai-advancing-product-understanding-and-building-new-shopping-experiences/}
}

@misc{Pinterest,
  title={Pinterest Announces Lens Updates, Releases New  Stats  on  Visual  Search (septembar  2019.  godine) },
  author={Andrew Hutchinson},
  year={(pristupljeno: maj 2020. godine)},
  url={socialmediatoday.com/news/pinterest-announces-lens-updates-releases-new-stats-on-visual-search/563115/}
}

@misc{Snapchat,
  title={Snapchat’s Filters: How computer vision recognizes  your  face (januar  2018.  godine) },
  author={James Le},
  year={(pristupljeno: maj 2020. godine)},
  url={medium.com/cracking-the-data-science-interview/snapchats-filters-how-computer-vision-recognizes-your-face-9907d6904b91}
}

@incollection{razzak2018deep,
  title={Deep learning for medical image processing: Overview, challenges and the future},
  author={Razzak, Muhammad Imran and Naz, Saeeda and Zaib, Ahmad},
  booktitle={Classification in BioApps},
  pages={323--350},
  year={2018},
  publisher={Springer}
}

@misc{Facial,
  title={Facial recognition: top 7 trends (tech, vendors, markets, use cases and  latest  news)   (2020.  godina) },
  author={thalesgroup},
  year={(pristupljeno: maj 2020. godine)},
  url={thalesgroup.com/en/markets/digital-identity-and-security/government/biometrics/facial-recognition}
}

@incollection{owayjan2015face,
  title={Face recognition security system},
  author={Owayjan, Michel and Dergham, Amer and Haber, Gerges and Fakih, Nidal and Hamoush, Ahmad and Abdo, Elie},
  booktitle={New Trends in Networking, Computing, E-learning, Systems Sciences, and Engineering},
  pages={343--348},
  year={2015},
  publisher={Springer}
}


@misc{Cars,
  title={How Image Recognition Is Transforming the Automobile Industry (oktobar 2019. godine)},
  author={Marta Robertson},
  year={(pristupljeno: maj 2020. godine)},
  url={innovationmanagement.se/2019/10/04/how-image-recognition-is-transforming-the-automobile-industry/}
}

@misc{Shopping,
  title={How mobile image recognition enhances in-store shopping (2017. godina)},
  author={Chantal Tode},
  year={(pristupljeno: maj 2020. godine)},
  url={retaildive.com/ex/mobilecommercedaily/how-mobile-image-recognition-enhances-in-store-shopping-addresses-showrooming}
}


@misc{eCommerce,
  title={19 Powerful Ways To Use Artificial Intelligence In eCommerce (2017. godina)},
  author={Danny Asling},
  year={(pristupljeno: maj 2020. godine)},
  url={blog.linnworks.com/artificial-intelligence-in-ecommerce}
}


@misc{Intel,
  title={Inception V3 Deep Convolutional Architecture For Classifying Acute Myeloid/Lymphoblastic  Leukemia.},
  author={Intel},
  year={(pristupljeno: maj 2020. godine)},
  url={software.intel.com/content/www/us/en/develop/articles/inception-v3-deep-convolutional-architecture-for-classifying-acute-myeloidlymphoblastic.html}
  }
  
  @misc{Git,
  title={Službena stranica na Githubu od Tensorflowa},
  author={Tensorflow},
  year={(pristupljeno: maj 2020. godine)},
  url={github.com/tensorflow}
}

  @misc{Virtualna,
  title={Docker kontejnerska virtualizacija},
  author={vidi.hr},
  year={(pristupljeno: maj 2020. godine)},
  url={vidi.hr/Racunala/Novosti/Docker-kontejnerska-virtualizacija}
}



